@phdthesis{FiuzadeBarros:2011qna,
    author = "Fi\'uza de Barros, Nuno Filipe",
    title = "{Precision Measurement of Neutrino Oscillation Parameters: Combined Three-phase Results of the Sudbury Neutrino Observatory}",
    school = "Lisbon U.",
    year = "2011"
}

@article{Fantini:2018itu,
    author = "Fantini, Guido and Gallo Rosso, Andrea and Vissani, Francesco and Zema, Vanessa",
    title = "{Introduction to the Formalism of Neutrino Oscillations}",
    eprint = "1802.05781",
    archivePrefix = "arXiv",
    primaryClass = "hep-ph",
    doi = "10.1142/9789813226098_0002",
    journal = "Adv. Ser. Direct. High Energy Phys.",
    volume = "28",
    pages = "37--119",
    year = "2018"
}

@article{Bahcall:2004pz,
    author = "Bahcall, John N. and Serenelli, Aldo M. and Basu, Sarbani",
    title = "{New solar opacities, abundances, helioseismology, and neutrino fluxes}",
    eprint = "astro-ph/0412440",
    archivePrefix = "arXiv",
    doi = "10.1086/428929",
    journal = "Astrophys. J. Lett.",
    volume = "621",
    pages = "L85--L88",
    year = "2005"
}